@Book{Mohsen2000,
  title =        {Maximum likelihood estimation of generalised linear models for multivariate normal covariance matirx},
  author =       {Mohsen Pourahmadi},
  publisher =    {Biometrika},
  year =         2000,
  note =         {87,2,pp,425-435},
}
@Book{Cho2013,
  title =        {Simultaneously modeling for mean vector and covariance matrix},
  author =       {Cho, Kyu-Dong},
  publisher =    {Ph.d Thesis},
  year =         2013,
  note =         {University of Korea, Library},
  url =          {http://www.riss.kr/search/detail/DetailView.do}
}
@article{Schifano2016,
  title =        {Online Updating of Statistical Inference in the Big Data Setting},
  author =       {Schifano, Elizabeth D., et al.},
  journal =      {Technometrics},
  pages =        {393--403},
  year =         2016
}